@book{hartley2003multiple,
  title={Multiple view geometry in computer vision},
  author={Hartley, Richard and Zisserman, Andrew},
  year={2003},
  publisher={Cambridge university press},
  pages={580--581}
}

@article{nuchter2010study,
  title={Study of parameterizations for the rigid body transformations of the scan registration problem},
  author={N{\"u}chter, Andreas and Elseberg, Jan and Schneider, Peter and Paulus, Dietrich},
  journal={Computer Vision and Image Understanding},
  volume={114},
  number={8},
  pages={963--980},
  year={2010},
  publisher={Elsevier}
}

@article{slabaugh1999computing,
  title={Computing Euler angles from a rotation matrix},
  author={Slabaugh, Gregory G},
  journal={Retrieved on August},
  volume={6},
  number={2000},
  pages={39--63},
  year={1999}
}

@inproceedings{newcombe2011kinectfusion,
  title={KinectFusion: Real-time dense surface mapping and tracking},
  author={Newcombe, Richard A and Izadi, Shahram and Hilliges, Otmar and Molyneaux, David and Kim, David and Davison, Andrew J and Kohi, Pushmeet and Shotton, Jamie and Hodges, Steve and Fitzgibbon, Andrew},
  booktitle={Mixed and augmented reality (ISMAR), 2011 10th IEEE international symposium on},
  pages={127--136},
  year={2011},
  organization={IEEE}
}

@misc{proof12,
  title = {Link: symmetric positive-definite},
  howpublished = {\url{https://math.stackexchange.com/questions/1434167/proving-that-a-symmetric-matrix-is-positive-definite-iff-all-eigenvalues-are-pos}}
}

@misc{rotationaxisangle,
  title = {Link: conversion from rotation matrix to axis-angle format},
  howpublished = {\url{https://en.wikipedia.org/wiki/Rotation_matrix#Conversion_from_and_to_axis.E2.80.93angle}}
}

@misc{covariancematrix,
  title = {Link: covariance matrix interpretation},
  howpublished = {\url{http://www.visiondummy.com/2014/04/geometric-interpretation-covariance-matrix/
}}
}

@misc{quaternion,
  title = {Link: quaternions and spatial rotation},
  howpublished = {\url{https://en.wikipedia.org/wiki/Quaternions_and_spatial_rotation
}}
}

@misc{gimbalock,
  title = {Link: video tutorial of gimbal lock},
  howpublished = {\url{https://www.youtube.com/watch?v=zc8b2Jo7mno
}}
}

@misc{mahalanobis,
  title = {Link: what is mahalanobis distance},
  howpublished = {\url{https://blogs.sas.com/content/iml/2012/02/15/what-is-mahalanobis-distance.html
}}
}

@misc{covariancellipse,
  title = {Link: draw covariance-error ellipse},
  howpublished = {\url{http://www.visiondummy.com/2014/04/draw-error-ellipse-representing-covariance-matrix/
}}
}

